@inproceedings{MadalenaMenotti:2020,
    author={Israel de Morais Madalena and David Menotti},
    title={Auto-Calibração de Câmeras em Visão Estéreo},
    booktitle={Programa de Pós-Graduação em Ciência da Computação},
    address={Ouro Preto, Minas Gerais},
}

@inproceedings{Zhang:2000,
    author={Zhengyou Zhang},
    title={A Flexible New Technique for Camera Calibration},
    booktitle={IEEE Trans. Pattern Anal. Mach. Intell},
    url={https://www.semanticscholar.org/paper/A-Flexible-New-Technique-for-Camera-Calibration-Zhang/6bdacaf992b0394cc73ff94fcbf6b31483406286?p2df},
}


@inproceedings{Svoboda:2005,
    author={T. Svoboda, D. Martinec, and T. Padjla,},
    title={},
    booktitle={
    Center for Machine Perception, Department of Cybernetics, Faculty of
Eletrical Engineering, Czech Technical University, Technical Report, 2005},
    url={ftp://cmp.felk.cvut.cz/pub/cmp/articles/svoboda/svobodaPRESENCE2005.pdf},
}