@Book{cormen:2009,
  author      =	{T. H. Cormen and C. E. Leiserson and R. L. Rivest and C. Stein},
  title       = {Introduction to Algorithms},
  publisher   = {The MIT Press},
  year        = {2009},
  edition     =	{3},
  note        = {ISBN-13: 978-0-262-53305-8},
  keywords    = {basic},
}



